@article{Dobrev2012,
  title = "High-order curvilinear finite elements for axisymmetric Lagrangian hydrodynamics",
  journal = "Computers and Fluids",
  volume = "",
  number = "0",
  pages = " - ",
  year = "2012",
  note = "",
  issn = "0045-7930",
  doi = "10.1016/j.compfluid.2012.06.004",
  url = "http://www.sciencedirect.com/science/article/pii/S0045793012002277",
  author = "Veselin A. Dobrev and Truman E. Ellis and Tzanio V. Kolev and Robert N. Rieben",
  keywords = "Axisymmetric problems",
  keywords = "Lagrangian hydrodynamics",
  keywords = "High-order finite element methods"
}

